@inproceedings{naik2007gland,
  title={Gland segmentation and computerized gleason grading of prostate histology by integrating low-, high-level and domain specific information},
  author={Naik, Shivang and Doyle, Scott and Feldman, Michael and Tomaszewski, John and Madabhushi, Anant}
}
@article{veta2013automatic,
  title={Automatic nuclei segmentation in H\&E stained breast cancer histopathology images},
  author={Veta, Mitko and van Diest, Paul J and Kornegoor, Robert and Huisman, Andr{\'e} and Viergever, Max A and Pluim, Josien PW},
  journal={PloS one},
  volume={8},
  number={7},
  pages={e70221},
  year={2013},
  publisher={Public Library of Science}
}
@article{coard2004gleason,
  title={Gleason Grading of Prostate Cancer Level of Concordance Between Pathologists at the University Hospital of the West Indies},
  author={Coard, Kathleen C and Freeman, Vincent L},
  journal={American journal of clinical pathology},
  volume={122},
  number={3},
  pages={373--376},
  year={2004},
  publisher={American Society for Clinical Pathology}
}
@incollection{nguyen2012structure,
  title={Structure and context in prostatic gland segmentation and classification},
  author={Nguyen, Kien and Sarkar, Anindya and Jain, Anil K},
  booktitle={Medical Image Computing and Computer-Assisted Intervention--MICCAI 2012},
  pages={115--123},
  year={2012},
  publisher={Springer}
}
@inproceedings{khurd2010computer,
  title={Computer-aided gleason grading of prostate cancer histopathological images using texton forests},
  author={Khurd, Parmeshwar and Bahlmann, Claus and Maday, Peter and Kamen, Ali and Gibbs-Strauss, Summer and Genega, Elizabeth M and Frangioni, John V},
  booktitle={Biomedical Imaging: From Nano to Macro, 2010 IEEE International Symposium on},
  pages={636--639},
  year={2010},
  organization={IEEE}
}
@article{epstein20052005,
  title={The 2005 International Society of Urological Pathology (ISUP) consensus conference on Gleason grading of prostatic carcinoma},
  author={Epstein, Jonathan I and Allsbrook Jr, William C and Amin, Mahul B and Egevad, Lars L and ISUP Grading Committee and others},
  journal={The American journal of surgical pathology},
  volume={29},
  number={9},
  pages={1228--1242},
  year={2005},
  publisher={LWW}
}
@article{alexandratou2010evaluation,
  title={Evaluation of machine learning techniques for prostate cancer diagnosis and Gleason grading},
  author={Alexandratou, Eleni and Atlamazoglou, Vassilis and Thireou, Trias and Agrogiannis, George and Togas, Dimitrios and Kavantzas, Nikolaos and Patsouris, Efstratios and Yova, Dido},
  journal={International Journal of Computational Intelligence in Bioinformatics and Systems Biology},
  volume={1},
  number={3},
  pages={297--315},
  year={2010},
  publisher={Inderscience Publishers}
}