@Article{Lamp86,
  author =       "A.B. Smith and C.D. Jones and E.F. Roberts",
  title =        "Article Title",
  journal = 	 "Journal",
  year = 	 "1920",
  volume = 	 "62",
  pages = 	 "291-294",
  month = 	 "January"
}


